@comment{x-kbibtex-encoding=utf-8}

@misc{oaverq4milver,
	author = {o.A.},
	editor = {Schade, Henry},
	location = {Zittau},
	publisher = {FG Physik},
	school = {Hochschule Zittau-Görlitz},
	title = {{Versuch Q4 – MILLIKAN-Versuch}}
}

@online{oA:2020:ukkssr,
	author = {o.A.},
	publisher = {tec-science},
	title = {Umströmung kugelförmiger Körper (Stokes’sche Reibungsgesetz)},
	url = {https://www.tec-science.com/de/mechanik/gase-und-fluessigkeiten/stokessches-reibungsgesetz-fur-kugelformige-korper},
	year = {2020}
}

@online{oA:2022:bk,
	author = {o.A.},
	publisher = {maths2mind},
	title = {Bessel-Korrektur},
	url = {https://www.maths2mind.com/schluesselwoerter/bessel-korrektur},
	year = {2022}
}

